@book{Kay1998,
  author    = {Kay, Steven M.},
  title     = {Fundamentals of Statistical Signal Processing, Volume II: Detection Theory},
  year      = {1998},
  publisher = {Prentice Hall},
  isbn      = {9780135041352},
  url       = {https://www.worldcat.org/title/39135645}
}

@article{Lawhern2018,
  author  = {Lawhern, V. J. and Solon, A. J. and Waytowich, N. R. and Gordon, S. M. and Hung, C. P. and Lance, B. J.},
  title   = {EEGNet: a compact convolutional neural network for EEG-based brain–computer interfaces},
  journal = {Journal of Neural Engineering},
  volume  = {15},
  number  = {5},
  pages   = {056013},
  year    = {2018},
  doi     = {10.1088/1741-2552/aace8c},
  url     = {https://doi.org/10.1088/1741-2552/aace8c}
}

@article{Schirrmeister2017,
  author  = {Schirrmeister, R. T. and Springenberg, J. T. and Fiederer, L. D. J. and Glasstetter, M. and Eggensperger, K. and Tangermann, M. and Hutter, F. and Burgard, W. and Ball, T.},
  title   = {Deep learning with convolutional neural networks for EEG decoding and visualization},
  journal = {Human Brain Mapping},
  volume  = {38},
  number  = {11},
  pages   = {5391--5420},
  year    = {2017},
  doi     = {10.1002/hbm.23730},
  url     = {https://doi.org/10.1002/hbm.23730}
}

@article{Ajra2023,
  author  = {Ajra, Zaineb and Xu, Binbin and Dray, Gérard and Montmain, Jacky and Perrey, Stéphane},
  title   = {Using shallow neural networks with functional connectivity from EEG signals for early diagnosis of Alzheimer's and frontotemporal dementia},
  journal = {Frontiers in Neurology},
  volume  = {14},
  year    = {2023},
  doi     = {10.3389/fneur.2023.1270405},
  url     = {https://doi.org/10.3389/fneur.2023.1270405}
}

@article{Tolnay1999,
  author  = {Tolnay, M. and Probst, A.},
  title   = {Tau protein pathology in Alzheimer's disease and related disorders},
  journal = {Neuropathology and Applied Neurobiology},
  volume  = {25},
  number  = {3},
  pages   = {171--187},
  year    = {1999},
  doi     = {10.1046/j.1365-2990.1999.00188.x},
  url     = {https://doi.org/10.1046/j.1365-2990.1999.00188.x}
}

@article{dePaula2009,
  author  = {de Paula, V. J. R. and Guimarães, F. M. and Diniz, B. S. and Forlenza, O. V.},
  title   = {Neurobiological pathways to Alzheimer’s disease: Amyloid-beta, tau protein or both},
  journal = {Dementia \& Neuropsychologia},
  volume  = {3},
  number  = {3},
  pages   = {188--194},
  year    = {2009},
  doi     = {10.1590/S1980-57642009DN30300005},
  url     = {https://doi.org/10.1590/S1980-57642009DN30300005}
}
